<?xml version="1.0" encoding="UTF-8"?>
<record xmlns="http://www.loc.gov/MARC21/slim" xmlns:xsi="http://www.w3.org/2001/XMLSchema-instance" xsi:schemaLocation="http://www.loc.gov/MARC21/slim http://www.loc.gov/standards/marcxml/schema/MARC21slim.xsd">
<leader>00000cam a22      a 4500</leader>
<controlfield tag="001">002966354</controlfield>
<controlfield tag="003">NNU</controlfield>
<controlfield tag="005">20150508172602.0</controlfield>
<controlfield tag="008">880107s197u    iq       b    000 0 ara d</controlfield>
<datafield tag="035" ind1=" " ind2=" ">
<subfield code="a">(OCoLC)17467688</subfield>
</datafield>
<datafield tag="040" ind1=" " ind2=" ">
<subfield code="a">NYP</subfield>
<subfield code="b">eng</subfield>
<subfield code="c">NYP</subfield>
<subfield code="d">OSU</subfield>
<subfield code="d">CUY</subfield>
<subfield code="d">OCLCQ</subfield>
<subfield code="d">OCLCF</subfield>
<subfield code="d">OCLCQ</subfield>
<subfield code="d">NNU</subfield>
</datafield>
<datafield tag="050" ind1=" " ind2="4">
<subfield code="a">PJ7526</subfield>
<subfield code="b">.Q39 1970</subfield>
</datafield>
<datafield tag="100" ind1="1" ind2=" ">
<subfield code="6">880-01</subfield>
<subfield code="a">Qaysī, Nūrī Ḥammūdī.</subfield>
</datafield>
<datafield tag="245" ind1="1" ind2="0">
<subfield code="6">880-02</subfield>
<subfield code="a">Dirāsāt fī al-shiʻr al-Jāhilī /</subfield>
<subfield code="c">Nūrī Ḥammūdī al-Qaysī.</subfield>
</datafield>
<datafield tag="260" ind1=" " ind2=" ">
<subfield code="6">880-03</subfield>
<subfield code="a">[Baghdad] :</subfield>
<subfield code="b">Sāʻadat Jāmiʻat Baghdad ʻalá nashrih ;</subfield>
<subfield code="a">Dimashq :</subfield>
<subfield code="b">Tawzīʻ Dār al-Fikr,</subfield>
<subfield code="c">[197-?]</subfield>
</datafield>
<datafield tag="300" ind1=" " ind2=" ">
<subfield code="a">232 pages ;</subfield>
<subfield code="c">25 cm</subfield>
</datafield>
<datafield tag="336" ind1=" " ind2=" ">
<subfield code="a">text</subfield>
<subfield code="b">txt</subfield>
<subfield code="2">rdacontent</subfield>
</datafield>
<datafield tag="337" ind1=" " ind2=" ">
<subfield code="a">unmediated</subfield>
<subfield code="b">n</subfield>
<subfield code="2">rdamedia</subfield>
</datafield>
<datafield tag="338" ind1=" " ind2=" ">
<subfield code="a">volume</subfield>
<subfield code="b">nc</subfield>
<subfield code="2">rdacarrier</subfield>
</datafield>
<datafield tag="504" ind1=" " ind2=" ">
<subfield code="a">Includes bibliographical references.</subfield>
</datafield>
<datafield tag="530" ind1=" " ind2=" ">
<subfield code="a">Also issued online.</subfield>
</datafield>
<datafield tag="650" ind1=" " ind2="0">
<subfield code="a">Arabic poetry</subfield>
<subfield code="y">To 622</subfield>
<subfield code="x">History and criticism.</subfield>
</datafield>
<datafield tag="650" ind1=" " ind2="7">
<subfield code="a">Arabic poetry.</subfield>
<subfield code="2">fast</subfield>
<subfield code="0">(OCoLC)fst00812533</subfield>
</datafield>
<datafield tag="648" ind1=" " ind2="7">
<subfield code="a">To 622</subfield>
<subfield code="2">fast</subfield>
</datafield>
<datafield tag="655" ind1=" " ind2="7">
<subfield code="a">Criticism, interpretation, etc.</subfield>
<subfield code="2">fast</subfield>
<subfield code="0">(OCoLC)fst01411635</subfield>
</datafield>
<datafield tag="776" ind1="0" ind2="8">
<subfield code="i">Online version:</subfield>
<subfield code="a">Qaysī, Nūrī Ḥammūdī.</subfield>
<subfield code="t">Dirāsāt fī al-shiʻr al-Jāhilī.</subfield>
<subfield code="d">[Baghdad] : Sāʻadat Jāmiʻat Baghdad ʻalá nashrih ; Dimashq : Tawzīʻ Dār al-Fikr, [197-?]</subfield>
<subfield code="w">(OCoLC)581545032</subfield>
</datafield>
<datafield tag="880" ind1="1" ind2=" ">
<subfield code="6">100-01/</subfield>
<subfield code="a">قيسي، نوري حمودي.</subfield>
</datafield>
<datafield tag="880" ind1="1" ind2="0">
<subfield code="6">245-02/</subfield>
<subfield code="a">دراسات في الشعر الجاهلي /</subfield>
<subfield code="c">نوري حمودي القيسي.</subfield>
</datafield>
<datafield tag="880" ind1=" " ind2=" ">
<subfield code="6">260-03/</subfield>
<subfield code="a">[بغداد] :</subfield>
<subfield code="b">ساعدت جامعة بغداد على نشره ؛</subfield>
<subfield code="a">دمشق :</subfield>
<subfield code="b">توزيع دار الفكر،</subfield>
<subfield code="c">[197-?]</subfield>
</datafield>
<datafield tag="OWN" ind1=" " ind2=" ">
<subfield code="a">GENERAL</subfield>
</datafield>
<datafield tag="AVA" ind1=" " ind2=" ">
<subfield code="a">NYU50</subfield>
<subfield code="b">BOBST</subfield>
<subfield code="c">Main Collection</subfield>
<subfield code="d">PJ7543 .Q29 1970</subfield>
<subfield code="e">unavailable</subfield>
<subfield code="t">Unavailable</subfield>
<subfield code="f">1</subfield>
<subfield code="g">1</subfield>
<subfield code="h">N</subfield>
<subfield code="i">0</subfield>
<subfield code="j">MAIN</subfield>
<subfield code="k">0</subfield>
</datafield>
</record>
